<?xml version="1.0" encoding="UTF-8"?><collection><record><leader>06054ntm a2200553 a 4500</leader><controlfield tag="001">006776054</controlfield><controlfield tag="003">MiAaHDL</controlfield><controlfield tag="005">20190719000000.0</controlfield><controlfield tag="006">m        d        </controlfield><controlfield tag="007">cr bn ---auaua</controlfield><controlfield tag="008">090507s16uu    xx            00| ||per d</controlfield><datafield tag="035" ind1=" " ind2=" "><subfield code="a">(MiU)006776054</subfield></datafield><datafield tag="035" ind1=" " ind2=" "><subfield code="a">sdr-miu006776054</subfield></datafield><datafield tag="040" ind1=" " ind2=" "><subfield code="a">MiU</subfield><subfield code="c">MiU</subfield><subfield code="e">amremm</subfield></datafield><datafield tag="043" ind1=" " ind2=" "><subfield code="a">n-us-mi</subfield></datafield><datafield tag="100" ind1="1" ind2=" "><subfield code="6">880-01</subfield><subfield code="a">ʻUrfī Shīrāzī, Muḥammad,</subfield><subfield code="d">1555 or 1556-1590 or 1591.</subfield></datafield><datafield tag="240" ind1="1" ind2="0"><subfield code="a">Poems.</subfield><subfield code="k">Selections</subfield></datafield><datafield tag="245" ind1="1" ind2="0"><subfield code="6">880-03</subfield><subfield code="a">[Muntakhab-i dīvān-i ʻUrfī Shīrāzī,</subfield><subfield code="f">early 17th century].</subfield></datafield><datafield tag="246" ind1="3" ind2="8"><subfield code="a">ديوانۀ عرفى</subfield></datafield><datafield tag="246" ind1="3" ind2=" "><subfield code="i">Title from inscription on 'title page' (p.13):</subfield><subfield code="a">ديوان عرفيت</subfield></datafield><datafield tag="260" ind1=" " ind2=" "><subfield code="c">[16--].</subfield></datafield><datafield tag="300" ind1=" " ind2=" "><subfield code="a">58 leaves :</subfield><subfield code="b">paper ;</subfield><subfield code="c">199 x 127 (125-145 x 65-77) mm.</subfield></datafield><datafield tag="500" ind1=" " ind2=" "><subfield code="a">Shelfmark: Ann Arbor, University of Michigan, Special Collections Library, Isl. Ms. 159</subfield></datafield><datafield tag="500" ind1=" " ind2=" "><subfield code="a">Origin: Lacks dated colophon ; paper suggests early 17th century.</subfield></datafield><datafield tag="500" ind1=" " ind2=" "><subfield code="a">Former shelfmark: British Museum, London "No. 33. Ghazals of Urfi, etc."</subfield></datafield><datafield tag="500" ind1=" " ind2=" "><subfield code="a">Binding: Pasteboards (quite thin, approaching semi-limp) covered in combed marbled paper (salmon, blue, etc.) with dark red-brown leather over spine and edges/turn-ins ; Type III binding (without flap) ; pastedowns/flyleaves in European laid paper ; sewn in pink thread, two stations ; only traces of primaries remain from worked endbands ; overal in poor condition with significant abrasion, lifting and losses of paper and leather, moisture damage, delamination of boards, etc.</subfield></datafield><datafield tag="500" ind1=" " ind2=" "><subfield code="a">Support: European and non-European laid paper ; European laid paper with 10 laid lines per cm. (vertical), chain lines spaced 28 mm. apart (horizontal), watermarks include crossbow in circle with trefoil above (compare Piccard 123860) and symbol looking like a lantern with A (compare countermark in Piccard 123862) in circle, some leaves tinted shades of light green or yellow, quite thin, transluscent, and crisp ; pp.94-114 in non-European laid paper (likely pre-1650, 17th century Persian) with 7 laid lines per cm. (vertical), no chain lines visible, and whole fibers visible ; flyleaves/pastedowns in European laid paper with crown star crescent watermark ; staining and tide lines ; some fire damage.</subfield></datafield><datafield tag="500" ind1=" " ind2=" "><subfield code="a">Decoration: Some headings and keywords rubricated ; written area (including divided panels) of p.94-p.114 surrounded by gilt frame.</subfield></datafield><datafield tag="500" ind1=" " ind2=" "><subfield code="a">Script: Mainly nastaʻlīq, sans serif with characteristic descent of words to baseline, superscript of final words and letters at end of many lines, characteristic letterforms , some contrast in thickness of horizontal and vertical strokes and horizontal strokes often elongated ; various excerpts (including odd leaves, likely incorporated as part of repairs/reinforcements, carrying table of contents for a different work) in naskh-nastaʻlīq.</subfield></datafield><datafield tag="500" ind1=" " ind2=" "><subfield code="a">Layout: Written mainly in 15 lines per page with written area divided to two columns, final line of each ghazal centered ; pp.94-114, written in roughly 12 lines per page with written area divided to set off four lines on the diagonal (two in each column), two lines at the center of the panel (one in each column), and two lines running vertically ; frame-ruled.</subfield></datafield><datafield tag="500" ind1=" " ind2=" "><subfield code="a">Collation: i, I+1 (3), I (5), 3 V(35), V+1 (46), IV (54), II (58), i ; catchwords present ; pagination in pencil, Western numerals, supplied during digitization (includes flyleaves ; skips two pages between pp.78-79).</subfield></datafield><datafield tag="500" ind1=" " ind2=" "><subfield code="a">Title supplied by cataloguer.</subfield></datafield><datafield tag="500" ind1=" " ind2=" "><subfield code="a">Ms. composite codex.</subfield></datafield><datafield tag="505" ind1="0" ind2=" "><subfield code="a">5. p.115 : [partial table of contents].</subfield></datafield><datafield tag="505" ind1="0" ind2=" "><subfield code="a">4. p.94-p.114 : [Qaṣāʼid, also of ʻUrfī Shīrāzī ?, not appearing in the edition of Javāhirī].</subfield></datafield><datafield tag="505" ind1="0" ind2=" "><subfield code="a">3. p.13-p.92 : [Ghazalīyāt] / ʻUrfī Shīrāzī.</subfield></datafield><datafield tag="505" ind1="0" ind2=" "><subfield code="a">2. p.9-p.12 : [Qaṣāʼid] / ʻUrfī Shīrāzī.</subfield></datafield><datafield tag="505" ind1="0" ind2=" "><subfield code="a">1. p.1-p.8 : [assorted excerpts, including partial table of contents].</subfield></datafield><datafield tag="510" ind1="3" ind2=" "><subfield code="a">Kullīyāt-i ʻUrfī Shīrāzī. (ed. Ghulām Ḥusayn Javāhirī Vajdī) Tihrān, 1357 [1978]</subfield></datafield><datafield tag="510" ind1="4" ind2=" "><subfield code="a">Cat. Pers. MSS. Brit. Mus.,</subfield><subfield code="c">pp.667-668</subfield></datafield><datafield tag="520" ind1="8" ind2=" "><subfield code="a">Fine copy of a selection of poems from the dīvān of ʻUrfī Shīrāzī, namely qaṣāʼid and ghazalīyāt. Accompanied by excerpts from other works and poems, as well a partial table of contents for a different work.</subfield></datafield><datafield tag="538" ind1=" " ind2=" "><subfield code="a">Mode of access: Internet.</subfield></datafield><datafield tag="541" ind1=" " ind2=" "><subfield code="c">Purchase ;</subfield><subfield code="a">Acquired by purchase (funds donated by Horace Rackham).</subfield><subfield code="d">1924.</subfield></datafield><datafield tag="546" ind1=" " ind2=" "><subfield code="a">Persian.</subfield></datafield><datafield tag="561" ind1=" " ind2=" "><subfield code="a">Bookplate of British Museum, London on interior of upper cover, "British Museum, London. No. 33. Ghazals of Urfi, etc." ; circular seal impression with figure of goat/gazelle in purple ink as well as inscription "475" in Western numerals on opening leaf (p.1) ; on paper (blue-tinted) pasted on opening leaf (p.1), as well as on 'title page' (p.14), a detailed waqf statement in the name of al-Sayyid ʻAbd Allāh Adīb (Abdullah Edip), known as Jannatʹzādah (Cennet-zade), qāḍī of Erzurum, accompanied by his seal, reads: "وقفت وقفا صحيحا شرعيا على ان لا يخرج من بيت الكتب الملتصق بداري الا لعلماء سكنوا بارضروم بكفيل مرعى اورهن قوي وانا الفقير اليه عز شانه السيد عبد الله اديب الشهير بجنت زاده القاضي بمدينة ارضروم في سنة اثنى وستين ومائتين والف" ; ownership statement on opening leaf (p.1) "صاحب ومالك محمد ..." ; on p.4, ownership statement accompanied by oval seal impression in name of one ʻAbd al-Raḥmān ; oval seal impression (repeated twice) and octagonal seal impression on p.94.</subfield></datafield><datafield tag="650" ind1=" " ind2="0"><subfield code="a">Manuscripts, Persian</subfield><subfield code="z">Michigan</subfield><subfield code="z">Ann Arbor.</subfield></datafield><datafield tag="650" ind1=" " ind2="0"><subfield code="a">Persian poetry</subfield><subfield code="y">1500-1796.</subfield></datafield><datafield tag="773" ind1="0" ind2=" "><subfield code="a">Tiflis Collection.</subfield></datafield><datafield tag="880" ind1="1" ind2="0"><subfield code="6">245-03/</subfield><subfield code="a">[منتخب ديوان عرفى شيرازى,</subfield><subfield code="f">اوائل القرن 17م].</subfield></datafield><datafield tag="880" ind1="1" ind2=" "><subfield code="6">100-01/</subfield><subfield code="a">عرفي شيرازي، محمد.</subfield></datafield><datafield tag="CID" ind1=" " ind2=" "><subfield code="a">006776054</subfield></datafield><datafield tag="DAT" ind1="0" ind2=" "><subfield code="a">20190719102635.0</subfield><subfield code="b">20190719000000.0</subfield></datafield><datafield tag="DAT" ind1="1" ind2=" "><subfield code="a">20190719090653.0</subfield><subfield code="b">2019-07-19T16:11:24Z</subfield></datafield><datafield tag="DAT" ind1="2" ind2=" "><subfield code="a">2015-10-02T18:00:03Z</subfield></datafield><datafield tag="CAT" ind1=" " ind2=" "><subfield code="a">SDR-MIU</subfield><subfield code="d">EX LIBRIS - ALEPH</subfield><subfield code="l">prepare.pl-004-008</subfield></datafield><datafield tag="FMT" ind1=" " ind2=" "><subfield code="a">BK</subfield></datafield><datafield tag="HOL" ind1=" " ind2=" "><subfield code="0">sdr-miu006776054</subfield><subfield code="a">MiU</subfield><subfield code="b">SDR</subfield><subfield code="c">MIU</subfield><subfield code="p">mdp.39015079125822</subfield><subfield code="s">MIU</subfield><subfield code="1">006776054</subfield></datafield><datafield tag="974" ind1=" " ind2=" "><subfield code="b">MIU</subfield><subfield code="c">MIU</subfield><subfield code="d">20190719</subfield><subfield code="s">lit-dlps-dc</subfield><subfield code="u">mdp.39015079125822</subfield><subfield code="y">1699</subfield><subfield code="r">pd</subfield><subfield code="q">bib</subfield><subfield code="t">non-US bib date1 &lt; 1879</subfield></datafield></record></collection>